@inproceedings{Bettenburg:2008,
 author = {Bettenburg, Nicolas and Just, Sascha and Schroter, Adrian and Weiss, Cathrin and Premraj, Rahul and Zimmermann, Thomas},
 title = {What Makes a Good Bug Report?},
 booktitle = {Proceedings of the 16th ACM SIGSOFT International Symposium on Foundations of Software Engineering},
 series = {SIGSOFT '08/FSE-16},
 year = {2008},
 isbn = {978-1-59593-995-1},
  location = {New York, NY, USA},
 pages = {308--318},
 numpages = {11},
 publisher = {ACM}

} 

@inproceedings{Davies:2014,
 author = {Davies, Steven and Roper, Marc},
 title = {What's in a Bug Report?},
 booktitle = {Proceedings of the 8th ACM/IEEE International Symposium on Empirical Software Engineering and Measurement},
 series = {ESEM '14},
 year = {2014},
 isbn = {978-1-4503-2774-9},
 location = {Torino, Italy},
 pages = {26:1--26:10},
 articleno = {26},
 numpages = {10},
 publisher = {ACM},
 keywords = {bug report, bug repository, software maintenance}
} 

@inproceedings{Ohira:2015,
 author = {Ohira, Masao and Kashiwa, Yutaro and Yamatani, Yosuke and Yoshiyuki, Hayato and Maeda, Yoshiya and Limsettho, Nachai and Fujino, Keisuke and Hata, Hideaki and Ihara, Akinori and Matsumoto, Kenichi},
 title = {A Dataset of High Impact Bugs: Manually-classified Issue Reports},
 booktitle = {Proceedings of the 12th Working Conference on Mining Software Repositories},
 series = {MSR '15},
 year = {2015},
 location = {Florence, Italy},
 publisher = {IEEE Press}

}  

@inproceedings{Kashiwa:2014,
 author = {Kashiwa, Yutaro and Yoshiyuki, Hayato and Kukita, Yusuke and Ohira, Masao},
 title = {A Pilot Study of Diversity in High Impact Bugs},
 booktitle = {Proceedings of the 30th International Conference on Software Maintenance and Evolution},
 year = {2014},
 location = {Victoria, City of Gardens}
 
}  

@inproceedings{Hooimeijer:2007,
 author = {Hooimeijer, Pieter and Weimer, Westley},
 title = {Modeling Bug Report Quality},
 booktitle = {Proceedings of the Twenty-second IEEE/ACM International Conference on Automated Software Engineering},
 series = {ASE '07},
 year = {2007},
 isbn = {978-1-59593-882-4},
 location = {Atlanta, Georgia, USA},
 pages = {34--43},
 numpages = {10},
 publisher = {ACM}

}

@inproceedings{Breu:2010,
 author = {Breu, Silvia and Premraj, Rahul and Sillito, Jonathan and Zimmermann, Thomas},
 title = {Information Needs in Bug Reports: Improving Cooperation Between Developers and Users},
 booktitle = {Proceedings of the 2010 ACM Conference on Computer Supported Cooperative Work},
 series = {CSCW '10},
 year = {2010},
 isbn = {978-1-60558-795-0},
 location = {Savannah, Georgia, USA},
 pages = {301--310},
 numpages = {10},
 publisher = {ACM}

} 

@inproceedings{Bhattacharya:2013,
 author = {Bhattacharya, Pamela and Ulanova, Liudmila and Neamtiu, Iulian and Koduru, Sai Charan},
 title = {An Empirical Analysis of Bug Reports and Bug Fixing in Open Source Android Apps},
 booktitle = {Proceedings of the 2013 17th European Conference on Software Maintenance and Reengineering},
 series = {CSMR '13},
 year = {2013},
 isbn = {978-0-7695-4948-4},
 pages = {133--143},
 numpages = {11},
 publisher = {IEEE Computer Society}
 
} 
@inproceedings{Zaman:2011,
 author = {Zaman, Shahed and Adams, Bram and Hassan, Ahmed E.},
 title = {Security Versus Performance Bugs: A Case Study on Firefox},
 booktitle = {Proceedings of the 8th Working Conference on Mining Software Repositories},
 series = {MSR '11},
 year = {2011},
 isbn = {978-1-4503-0574-7},
 location = {Waikiki, Honolulu, HI, USA},
 pages = {93--102},
 numpages = {10},
 publisher = {ACM}
} 

@inproceedings{Gegick:2010,
 author = {Gegick, Michael and Rotella, Pete and Xie, Tao },
 title = {Identifying Security Bug Reports via Text Mining: An Industrial Case Study},
 booktitle = {Proceedings of the 7th Working Conference on Mining Software Repositories},
 series = {MSR '10},
 year = {2010},
 location = {Cape Town, South Africa},
 publisher = {IEEE Press}
}  

@inproceedings{Aranda:2009,
 author = {Aranda, Jorge and Venolia, Gina},
 title = {The Secret Life of Bugs: Going Past the Errors and Omissions in Software Repositories},
 booktitle = {Proceedings of the 31st International Conference on Software Engineering},
 series = {ICSE '09},
 year = {2009},
 isbn = {978-1-4244-3453-4},
 pages = {298--308},
 numpages = {11},
 publisher = {IEEE Computer Society}
} 

@inproceedings{Just:2008,
 author = {Just, Sascha and Premraj,Rahul and Zimmermann, Thomas},
 title = {Towards the Next Generation of Bug Tracking Systems},
 booktitle = {Proceedings of the  IEEE Symposium on Visual Languages and Human-Centric Computing (VL/HCC},
 series = {ICSE '09},
 year = {2008}
} 

@inproceedings{Zimmermann:2012,
 author = {Zimmermann, Thomas and Nagappan, Nachiappan and Guo, Philip J. and Murphy, Brendan},
 title = {Characterizing and Predicting Which Bugs Get Reopened},
 booktitle = {Proceedings of the 34th International Conference on Software Engineering},
 series = {ICSE '12},
 year = {2012},
 isbn = {978-1-4673-1067-3},
 location = {Zurich, Switzerland},
 pages = {1074--1083},
 numpages = {10},
 publisher = {IEEE Press}
} 

@inproceedings{Schroter:2010,
 author = {Schroter, Adrian and Bettenburg, Nicolas and Premraj, Rahul},
 title = {Do Stack Traces Help Developers Fix Bugs?},
 booktitle = {Proceedings of the 7th IEEE Working Conference on Mining Software Repositories},
 series = {MSR '10},
 year = {2010},
 isbn = {978-1-4244-6803-4},
 location = {Cape Town, South Africa},
 pages = {27--30},
 numpages = {4},
 publisher = {IEEE}
} 
 
@inproceedings{Shihab:2011,
 author = {Shihab, Emad and Mockus, Audris and Kamei, Yasutaka and Adams, Bram and Hassan, Ahmed E.},
 title = {High-impact Defects: A Study of Breakage and Surprise Defects},
 booktitle = {Proceedings of the 19th ACM SIGSOFT Symposium and the 13th European Conference on Foundations of Software Engineering},
 series = {ESEC/FSE '11},
 year = {2011},
 isbn = {978-1-4503-0443-6},
 location = {Szeged, Hungary},
 pages = {300--310},
 numpages = {11},
 publisher = {ACM},
 keywords = {defect prediction, high-impact, process metrics}
} 

@inproceedings{Chen:2014,
 author = {Chen, Tse-Hsun and Nagappan, Meiyappan and Shihab, Emad and Hassan, Ahmed E.},
 title = {An Empirical Study of Dormant Bugs},
 booktitle = {Proceedings of the 11th Working Conference on Mining Software Repositories},
 series = {MSR '14},
 year = {2014},
 isbn = {978-1-4503-2863-0},
 location = {Hyderabad, India},
 pages = {82--91},
 numpages = {10},
 publisher = {ACM},
 keywords = {Empirical Study, Software Bugs, Software Quality}
} 

@inproceedings{Shihab:2010,
 author = {Shihab, Emad and Ihara, Akinori and Kamei,Yasutaka and Ibrahim, Walid},
 title = {Predicting Re-opened Bugs: A Case Study on the Eclipse Project},
 booktitle = {Proceedings of the 17th Working Conference on Reverse Engineering},
 series = {WCRE '10},
 year = {2010},
 isbn = {978-1-4244-8911-4},
 location = {Beverly, MA},
 pages = {249 - 258},
 articleno = {26},
 numpages = {10},
 publisher = {IEEE},
 keywords = {bug report, bug repository, software maintenance}
 
 @inproceedings{Sun:2010,
 author = {Sun, Chengnian and Lo, David and Wang, Xiaoyin and Jiang, Jing and Khoo, Siau-Cheng},
 title = {A Discriminative Model Approach for Accurate Duplicate Bug Report Retrieval},
 booktitle = {Proceedings of the 32Nd ACM/IEEE International Conference on Software Engineering - Volume 1},
 series = {ICSE '10},
 year = {2010},
 isbn = {978-1-60558-719-6},
 location = {Cape Town, South Africa},
 pages = {45--54},
 numpages = {10},
 publisher = {ACM}
} 

@inproceedings{ValdiviaGarcia:2014,
 author = {Valdivia Garcia, Harold and Shihab, Emad},
 title = {Characterizing and Predicting Blocking Bugs in Open Source Projects},
 booktitle = {Proceedings of the 11th Working Conference on Mining Software Repositories},
 series = {MSR '14},
 year = {2014},
 isbn = {978-1-4503-2863-0},
 location = {Hyderabad, India},
 pages = {72--81},
 numpages = {10},
 publisher = {ACM},
 keywords = {Code Metrics, Post-release Defects, Process Metrics}
} 

@inproceedings{Nistor:2013,
 author = {Nistor, Adrian and Jiang, Tian and Tan, Lin},
 title = {Discovering, Reporting, and Fixing Performance Bugs},
 booktitle = {Proceedings of the 10th Working Conference on Mining Software Repositories},
 series = {MSR '13},
 year = {2013},
 isbn = {978-1-4673-2936-1},
 location = {San Francisco, CA, USA},
 pages = {237--246},
 numpages = {10},
 publisher = {IEEE Press}
} 

@inproceedings{Rocha:2016,
 author = {Rocha, Henrique and Valente, Marco and Marques-Neto, Humberto and Murphy,Gail C.},
 title = {An Empirical Study on Recommendations of Similar Bugs},
 booktitle = {Proceedings of the 23rd IEEE International Conference on Software Analysis, Evolution, and Reengineering},
 series = {SANER '16},
 year = {2016},
 location = {Osaka, Japan},
 pages = {46--56},
 numpages = {11},
 publisher = {IEEE Press}
} 
@inproceedings{Ko:2006,
 author = {Ko, Andrew J. and Myers, Brad A. and Chau, Duen Horng},
 title = {A Linguistic Analysis of How People Describe Software Problems},
 booktitle = {Proceedings of the Visual Languages and Human-Centric Computing},
 series = {VLHCC '06},
 year = {2006},
 isbn = {0-7695-2586-5},
 pages = {127--134},
 numpages = {8},
 publisher = {IEEE Computer Society}
} 
@inproceedings{Anvik:2006,
 author = {Anvik, John and Hiew, Lyndon and Murphy, Gail C.},
 title = {Who Should Fix This Bug?},
 booktitle = {Proceedings of the 28th International Conference on Software Engineering},
 series = {ICSE '06},
 year = {2006},
 isbn = {1-59593-375-1},
 location = {Shanghai, China},
 pages = {361--370},
 numpages = {10},
 publisher = {ACM}
 keywords = {bug report assignment, bug triage, issue tracking, machine learning, problem tracking}
} 

@inproceedings{Canfora:2006,
 author = {Canfora, Gerardo and Cerulo, Luigi},
 title = {Fine Grained Indexing of Software Repositories to Support Impact Analysis},
 booktitle = {Proceedings of the 2006 International Workshop on Mining Software Repositories},
 series = {MSR '06},
 year = {2006},
 isbn = {1-59593-397-2},
 location = {Shanghai, China},
 pages = {105--111},
 numpages = {7},
 publisher = {ACM},
 keywords = {impact analysis, mining software repositories}
} 


@book{Molyneaux:2009,
 author = {Molyneaux, Ian},
 title = {The Art of Application Performance Testing: Help for Programmers and Quality Assurance},
 year = {2009},
 isbn = {0596520662, 9780596520663},
 edition = {1st},
 publisher = {O'Reilly Media, Inc.}
} 
@inproceedings{Weiss:2007,
 author = {Weiss, Cathrin and Premraj, Rahul and Zimmermann, Thomas and Zeller, Andreas},
 title = {How Long Will It Take to Fix This Bug?},
 booktitle = {Proceedings of the Fourth International Workshop on Mining Software Repositories},
 series = {MSR '07},
 year = {2007},
 isbn = {0-7695-2950-X},
 pages = {1--},
 publisher = {IEEE Computer Society},
 address = {Washington, DC, USA}
} 

@inproceedings{Xia:2007,
 author = {Xia, Xin and Lo, David and Wang, Xinyu and Zhou, Bo},
 title = {Accurate Developer Recommendation for Bug Resolution},
 booktitle = {Proceedings of the 20th Working Conference on Reverse Engineering (WCRE)},
 series = {WCRW '13},
 year = {2013},
 isbn = {1095-1350},
 pages = {72--81},
 publisher = {IEEE},
 address = {Koblenz, Germany}
} 
@inproceedings{Cubranic:2004,
    author = {Davor Cubranic},
    title = {Automatic bug triage using text categorization},
    booktitle = {In SEKE 2004: Proceedings of the Sixteenth International Conference on Software Engineering & Knowledge Engineering},
    year = {2004},
    pages = {92--97},
    publisher = {KSI Press}
}
@manual{manual1,
	organization =	"Adobe Systems Inc.",
	title =		"PostScript Language Reference Manual",
	publisher =	"Addison-Wesley",
	address =	"Reading, Massachusetts",
	year =		1985}

@mastersthesis{mastersthesis1,
	author =	"Kazuhiro Ohno",
	title =		"Efficient Message Communication of Concurrent Logic
			 Programming Language KL1 Based on Static Analysis",
	school =	"Dept. Information Science, Kyoto University",
	year =		1995}

@misc{misc1,
	author =	"Yasuki Saito and Hiroshi Nakashima",
	title =		"{{\tt ipsjpapers.sty}}",
	note =		"(Style file for Trans. IPSJ distributed to authors.)",
	year =		1995}

@phdthesis{phdthesis1,
	author =	"Weihl, W.",
	title =		"Specification and Implementation of
			 Atomic Data Types",
	school =	"MIT",
	address =	"Boston",
	year =		1984}

@proceedings{proceedings1,
	title =		"Proc. Intl. Conf. on Fifth Generation Computer
			 Systems",
	organization =	"Institute for New Generation Computer Technology",
	volume =	1,
	year =		1992}

@techreport{WarD:WAM-1,
	author =	"David H. D. Warren",
	title =		"An Abstract {Prolog} Instruction Set",
	type =		"Technical Report",
	number =	309,
	institution =	"Artificial Intelligence Center, SRI International",
	year =		1983,
	month =		oct}
	
@unpublished{unpublished,
	author =	"{Editorial Board of Trans. IPSJ}",
	title =		"How to Typeset Your Papers in {\LaTeX} (Version 1)",
	note =		"(distributed to authors)",
	year =		1995}
		

@webpage{Spolsky:2000,
	author =	"Joel Spolsky",
	title =		"Joel on Software blog",
	organization =	"FogBUGZ",
	url =	"http://www.joelonsoftware.com/news/fog0000000162.html",
	refdate =	"2000-011-22"}

@webpage{webpage1,
	author =	"Alan Kay",
	title =		"Welcome to Squeakland",
	organization =	"Squeakland",
	url =	"http://www.squeakland.org/community/biography/alanbio.html",
	refdate =	"2007-04-05"}

@webpage{webpage2,
	author =	"Hiroshi Nakashima",
	title =		"A {WEB} Page",
	organization =	"Kyoto University",
	url =	"http://www.para.media.kyoto-u.ac.jp/~nakashima/a.web.page.of.long.url/",
	refdate =	"2010-10-30"}

@webpage{webpage3,
	author =	"Hiroshi Nakashima",
	title =		"Another {WEB} Page",
	organization =	"Kyoto University",
	url =	"http://www.para.media.kyoto-u.ac.jp/~nakashima/a.web.page.of.much.longer.url/",
	refdate =	"2010-10-30"}

	